@book {computational_geometry,
  author = "O. Schwarzkopf and M. Overmars and M. van Kreveld and M. de Berg",
  title = "Computational Geometry, Algorithms and Applications",
  publisher = "Springer",
  year = 1997
}



@Article{tomasetti11,
  author = {Federico Tomasetti and Marco Torchiano},
  title = {PrEdE: a Projectional Editor for the Eclipse Modeling Framework},
  journal = {http://2011.eclipse-it.org/ProcEclipse-IT11/},
  year = {2011}
}

@inproceedings{conf/models/Voelter10,
  author = {Voelter, Markus},
  biburl = {http://www.bibsonomy.org/bibtex/217d463c2692af12579adcb0555c6aedd/dblp},
  booktitle = {MoDELS (2)},
  crossref = {conf/models/2010-2},
  editor = {Petriu, Dorina C. and Rouquette, Nicolas and Haugen, Øystein},
  ee = {http://dx.doi.org/10.1007/978-3-642-16129-2_4},
  interhash = {4b054a30aa5e2bdeb4e034d8ed86e15e},
  intrahash = {17d463c2692af12579adcb0555c6aedd},
  isbn = {978-3-642-16128-5},
  keywords = {dblp},
  pages = {32-46},
  publisher = {Springer},
  series = {Lecture Notes in Computer Science},
  timestamp = {2010-09-25T00:00:00.000+0200},
  title = {Embedded Software Development with Projectional Language Workbenches.},
  url = {http://dblp.uni-trier.de/db/conf/models/models2010-2.html#Voelter10},
  volume = 6395,
  year = 2010
}

@unpublished{jorgensen12,
  author = {Kaj Asbjørn Jørgensen},
  title = {Collaboration regarding modelling of construction and building services},
  year = 2012,
  University = {Aalborg University}
}
 
 @article{karsai09,
  author = {Gabor Karsai and Holger Krahn and Claas Pinkernell and Bernhard Rumpe and Martin Schindler and Steven V\"{o}lkel},
  title = {Design Guidelines for Domain Specific Languages},
  year = 2009,
  journal = {9th OOPSLA Workshop on Domain-Specific Modeling}
 }

@misc{emfperformanceandextensibility,
  title = {Performance and Extensibility with EMF},
  author = {Kenn Hussey},
  month = March,
  year = 2010,
  howpublished={\url{http://www.slideshare.net/kenn.hussey/performance-and-extensibility-with-emf}}
  }

@inproceedings {staworko10,
 author = {S\l avek Staworko and Iovka Boneva and Beno\^{i}t Groz},
 title = {The View Update Problem for XML},
 booktitle = {Updates in XML (EDBT Workshop Proceedings)},
 year = 2010
}
